@article{budennyy2022eco2ai,
    title={{Eco2AI}: Carbon Emissions Tracking of Machine Learning Models as the First Step Towards Sustainable {AI}},
    author={Budennyy, S. and others},
    journal={arXiv preprint arXiv:2208.00406v2},
    year={2022},
    url={https://arxiv.org/pdf/2208.00406}
}

@article{castano2023exploring,
    title={Exploring the Carbon Footprint of Hugging Face’s {ML} Models: A Repository Mining Study},
    author={Castano, J. and others},
    journal={arXiv preprint arXiv:2305.11164v3},
    year={2023},
    url={https://arxiv.org/pdf/2305.11164}
}

@article{devries2023growing,
    title={The Growing Energy Footprint of Artificial Intelligence},
    author={De Vries, A.},
    journal={Joule},
    volume={7},
    number={10},
    year={2023},
    url={https://www.cell.com/joule/fulltext/S2542-4351(23)00365-3}
}

@article{gowda2024watt,
    title={Watt for What: Rethinking Deep Learning’s Energy-Performance Relationship},
    author={Gowda, S. and others},
    journal={arXiv preprint arXiv:2310.06522v2},
    year={2024},
    url={https://arxiv.org/pdf/2310.06522}
}

@article{heguerte2023estimate,
    title={How to Estimate Carbon Footprint when Training Deep Learning Models? A Guide And Review},
    author={Heguerte, L. and others},
    journal={arXiv preprint arXiv:2306.08323v2},
    year={2023},
    url={https://arxiv.org/pdf/2306.08323}
}

@misc{krebs2018umweltbilanz,
    title={Umweltbilanz Strommixe Schweiz 2018},
    author={Krebs, L. and Frischknecht, R.},
    year={2018},
    url={https://www.bafu.admin.ch/dam/bafu/de/dokumente/klima/fachinfo-daten/Umweltbilanz-Strommix-Schweiz-2018-v2.01.pdf.download.pdf/Umweltbilanz-Strommix-Schweiz-2018-v2.01.pdf}
}

@article{luccioni2023counting,
    title={Counting Carbon: A Survey of Factors Influencing the Emissions of Machine Learning},
    author={Luccioni, S. and Herandez-Garcia, A.},
    journal={arXiv preprint arXiv:2302.08476v1},
    year={2023},
    url={https://arxiv.org/pdf/2302.08476}
}

@article{patterson2021carbon,
    title={Carbon Emissions and Large Neural Network Training},
    author={Patterson, D. and others},
    journal={arXiv preprint arXiv:2104.10350},
    year={2021},
    url={https://arxiv.org/pdf/2104.10350}
}

@article{rodriguez2024evaluating,
    title={Evaluating the Energy Consumption of Machine Learning: Systematic Literature Review and Experiments},
    author={Rodriguez, C. and others},
    journal={arXiv preprint arXiv:2408.15128v1},
    year={2024},
    url={https://arxiv.org/pdf/2408.15128}
}

@article{tomlinson2024carbon,
	author={Tomlinson, B. and others},
	journal = {Scientific Reports},
	number = {1},
	title = {The Carbon Emissions of Writing and Illustrating are Lower for AI than for Humans},
	url = {https://doi.org/10.1038/s41598-024-54271-x},
	volume = {14},
	year = {2024},
}

@article{tripp2024measuring,
    title={Measuring the Energy Consumption and Efficiency of Deep Neural Networks: An Empirical Analysis and Design Recommendations},
    author={Tripp, C. and others},
    journal={arXiv preprint arXiv:2403.08151v1},
    year={2024},
    url={https://arxiv.org/pdf/2403.08151}
}
